@misc{Lilley:2009zz,
author = {J. S. Lilley},
year = {2009},
publisher = {Wiley},
}

@misc{nds,
url = {https://www-nds.iaea.org/exfor/endf.htm},
}

@misc{nndc,
url = {http://www.nndc.bnl.gov/chart/},
}
